<record><leader>00000cas a22000007a 4500</leader><controlfield tag="001">12257309</controlfield><controlfield tag="008">850712d18771880iauwr ne      0    0eng d</controlfield><datafield ind1=" " ind2=" " tag="010"><subfield code="a">sn 85049676 </subfield></datafield><datafield ind1=" " ind2=" " tag="040"><subfield code="a">INP</subfield><subfield code="b">eng</subfield><subfield code="c">INP</subfield><subfield code="d">OCLCQ</subfield></datafield><datafield ind1=" " ind2=" " tag="042"><subfield code="a">msc</subfield></datafield><datafield ind1="0" ind2="0" tag="245"><subfield code="a">Mills County Republican.</subfield></datafield><datafield ind1=" " ind2=" " tag="260"><subfield code="a">Malvern, Iowa :</subfield><subfield code="b">[s.n.]</subfield></datafield><datafield ind1=" " ind2=" " tag="300"><subfield code="a">v.</subfield></datafield><datafield ind1=" " ind2=" " tag="310"><subfield code="a">Weekly</subfield></datafield><datafield ind1="1" ind2=" " tag="362"><subfield code="a">Began in 1877; ceased in Nov. 1880.</subfield><subfield code="z">Cf. Bibl. of Iowa newspapers.</subfield></datafield><datafield ind1=" " ind2=" " tag="500"><subfield code="a">Publisher varies.</subfield></datafield><datafield ind1=" " ind2=" " tag="500"><subfield code="a">"Devoted to the best interests of Malvern and Mills County."</subfield></datafield><datafield ind1=" " ind2=" " tag="500"><subfield code="a">Editors: A.G. &amp; E.B. Parrish.</subfield></datafield><datafield ind1=" " ind2=" " tag="588"><subfield code="a">Description based on: Vol. 2, no. 42 (Aug. 15, 1879).</subfield></datafield><datafield ind1=" " ind2=" " tag="752"><subfield code="a">United States</subfield><subfield code="b">Iowa</subfield><subfield code="c">Mills</subfield><subfield code="d">Malvern.</subfield></datafield><datafield ind1="0" ind2="7" tag="785"><subfield code="t">Malvern leader (Malvern, Iowa : 1875)</subfield><subfield code="w">(DLC)sn 84038305</subfield></datafield><datafield ind1="0" ind2="7" tag="785"><subfield code="t">Malvern Republican leader</subfield><subfield code="w">(DLC)sn 87057429</subfield></datafield><datafield ind1="1" ind2=" " tag="029"><subfield code="a">AU@</subfield><subfield code="b">000025783931</subfield></datafield></record>